Category,Region,Month,Total_Sales,Margin
Clothing,Central,2021-01,22534.5,13676.23
Electronics,Central,2021-01,18769.07,7319.51
Home & Kitchen,Central,2021-01,30095.02,7490.669999999998
Sports & Outdoors,Central,2021-01,46115.280000000006,27785.300000000003
Toys & Games,Central,2021-01,31808.87,16898.08
Clothing,East,2021-01,26343.219999999998,18192.85
Electronics,East,2021-01,22615.829999999998,-4163.880000000001
Home & Kitchen,East,2021-01,18307.65,2650.24
Sports & Outdoors,East,2021-01,65080.36,29602.5
Toys & Games,East,2021-01,24276.22,14510.81
Clothing,North,2021-01,46426.68,29815.62
Electronics,North,2021-01,17408.06,2748.98
Home & Kitchen,North,2021-01,48867.1,21792.8
Sports & Outdoors,North,2021-01,43867.37,16583.78
Toys & Games,North,2021-01,2350.2400000000002,-3250.3999999999996
Clothing,South,2021-01,40321.43,30816.010000000002
Electronics,South,2021-01,16748.04,5051.17
Home & Kitchen,South,2021-01,27348.25,12512.600000000002
Sports & Outdoors,South,2021-01,39194.4,16898.690000000002
Toys & Games,South,2021-01,26321.010000000002,17220.11
Clothing,West,2021-01,16844.67,7002.900000000001
Electronics,West,2021-01,22190.03,489.12000000000137
Home & Kitchen,West,2021-01,25013.56,13438.41
Sports & Outdoors,West,2021-01,74271.83,42412.85
Toys & Games,West,2021-01,15326.21,7922.75
Clothing,Central,2021-02,22642.64,17524.03
Electronics,Central,2021-02,34133.16,9980.2
Home & Kitchen,Central,2021-02,28514.93,16906.37
Sports & Outdoors,Central,2021-02,48610.17,31802.19
Toys & Games,Central,2021-02,39249.73,23277.43
Clothing,East,2021-02,30127.83,19635.600000000002
Electronics,East,2021-02,24085.34,5231.31
Home & Kitchen,East,2021-02,21982.050000000003,10164.65
Sports & Outdoors,East,2021-02,39276.049999999996,20459.84
Toys & Games,East,2021-02,31846.81,13436.91
Clothing,North,2021-02,30429.18,11226.46
Electronics,North,2021-02,18455.51,-3669.710000000002
Home & Kitchen,North,2021-02,21911.34,11482.67
Sports & Outdoors,North,2021-02,62013.94,32378.77
Toys & Games,North,2021-02,31739.03,15990.939999999999
Clothing,South,2021-02,18813.95,15808.810000000001
Electronics,South,2021-02,23527.16,8760.18
Home & Kitchen,South,2021-02,12967.83,6491.089999999999
Sports & Outdoors,South,2021-02,26505.85,19179.88
Toys & Games,South,2021-02,38698.07,23366.04
Clothing,West,2021-02,22832.09,14893.939999999999
Electronics,West,2021-02,38037.78,14637.95
Home & Kitchen,West,2021-02,31648.82,18536.29
Sports & Outdoors,West,2021-02,39215.35,19377.39
Toys & Games,West,2021-02,19776.43,9235.14
Clothing,Central,2021-03,29006.67,23001.16
Electronics,Central,2021-03,28525.54,14775.329999999998
Home & Kitchen,Central,2021-03,8144.570000000001,-525.7299999999996
Sports & Outdoors,Central,2021-03,46499.6,22162.929999999997
Toys & Games,Central,2021-03,28891.51,14523.34
Clothing,East,2021-03,16938.45,12772.0
Electronics,East,2021-03,17778.26,6186.09
Home & Kitchen,East,2021-03,31060.63,17900.79
Sports & Outdoors,East,2021-03,50729.54,26679.94
Toys & Games,East,2021-03,15381.16,5468.070000000001
Clothing,North,2021-03,20519.78,12871.49
Electronics,North,2021-03,17253.23,-900.0700000000002
Home & Kitchen,North,2021-03,24919.41,10330.17
Sports & Outdoors,North,2021-03,48765.62,23031.730000000003
Toys & Games,North,2021-03,37244.03,14090.24
Clothing,South,2021-03,31306.59,22387.190000000002
Electronics,South,2021-03,38872.6,15065.85
Home & Kitchen,South,2021-03,22232.47,4208.53
Sports & Outdoors,South,2021-03,26835.93,16084.74
Toys & Games,South,2021-03,40835.49,18518.46
Clothing,West,2021-03,33808.67,26395.04
Electronics,West,2021-03,29092.11,9287.269999999999
Home & Kitchen,West,2021-03,30637.57,11734.959999999997
Sports & Outdoors,West,2021-03,65931.16,40637.04
Toys & Games,West,2021-03,36336.659999999996,11283.72
Clothing,Central,2021-04,24216.82,17952.38
Electronics,Central,2021-04,44854.880000000005,17577.23
Home & Kitchen,Central,2021-04,9205.91,3620.75
Sports & Outdoors,Central,2021-04,3246.7,-2557.18
Toys & Games,Central,2021-04,15409.55,1308.1999999999998
Clothing,East,2021-04,28707.77,16431.54
Electronics,East,2021-04,30548.74,7042.389999999999
Home & Kitchen,East,2021-04,53027.37,20834.25
Sports & Outdoors,East,2021-04,46824.89,34497.82
Toys & Games,East,2021-04,37679.77,13263.160000000002
Clothing,North,2021-04,29347.8,16422.21
Electronics,North,2021-04,38013.92,11701.269999999999
Home & Kitchen,North,2021-04,25007.72,12153.960000000001
Sports & Outdoors,North,2021-04,76763.98,44332.51
Toys & Games,North,2021-04,20094.72,10405.46
Clothing,South,2021-04,10215.77,4192.310000000001
Electronics,South,2021-04,24135.81,5723.9
Home & Kitchen,South,2021-04,18303.010000000002,3512.8100000000004
Sports & Outdoors,South,2021-04,32317.04,12871.05
Toys & Games,South,2021-04,19272.2,8783.86
Clothing,West,2021-04,44893.49,23751.53
Electronics,West,2021-04,23935.690000000002,7336.87
Home & Kitchen,West,2021-04,20853.97,8396.54
Sports & Outdoors,West,2021-04,54369.84,36887.11
Toys & Games,West,2021-04,21468.06,5562.3
Clothing,Central,2021-05,1102.3400000000001,539.2800000000001
Electronics,Central,2021-05,47414.37,27079.86
Home & Kitchen,Central,2021-05,5891.62,3765.58
Sports & Outdoors,Central,2021-05,56874.18,33765.08
Toys & Games,Central,2021-05,12268.88,2516.39
Clothing,East,2021-05,24314.81,14476.15
Electronics,East,2021-05,47781.159999999996,10885.909999999998
Home & Kitchen,East,2021-05,22082.9,10189.43
Sports & Outdoors,East,2021-05,64461.76,33908.61
Toys & Games,East,2021-05,7197.3,1791.1699999999998
Clothing,North,2021-05,20978.17,16021.48
Electronics,North,2021-05,30938.969999999998,15229.75
Home & Kitchen,North,2021-05,27355.0,10985.12
Sports & Outdoors,North,2021-05,70123.21,43830.5
Toys & Games,North,2021-05,16786.53,6698.13
Clothing,South,2021-05,31813.46,15988.689999999999
Electronics,South,2021-05,35596.53,14149.009999999998
Home & Kitchen,South,2021-05,23461.72,16918.53
Sports & Outdoors,South,2021-05,19577.38,12950.24
Toys & Games,South,2021-05,39392.01,21659.51
Clothing,West,2021-05,18576.72,7920.9800000000005
Electronics,West,2021-05,26405.98,6877.499999999999
Home & Kitchen,West,2021-05,39148.61,18502.05
Sports & Outdoors,West,2021-05,66122.83,39258.62
Toys & Games,West,2021-05,17587.2,5571.920000000002
Clothing,Central,2021-06,23549.78,12570.14
Electronics,Central,2021-06,44355.18,13786.06
Home & Kitchen,Central,2021-06,18181.14,6550.41
Sports & Outdoors,Central,2021-06,53836.08,28057.46
Toys & Games,Central,2021-06,25755.74,13805.619999999999
Clothing,East,2021-06,19766.170000000002,14008.92
Electronics,East,2021-06,44204.91,24656.33
Home & Kitchen,East,2021-06,40601.05,17445.719999999998
Sports & Outdoors,East,2021-06,47835.82,27927.190000000002
Toys & Games,East,2021-06,23993.91,14593.279999999999
Clothing,North,2021-06,14367.62,10316.480000000001
Electronics,North,2021-06,18262.75,-4652.01
Home & Kitchen,North,2021-06,25389.9,13089.98
Sports & Outdoors,North,2021-06,45502.68,27987.829999999998
Toys & Games,North,2021-06,15273.26,5114.6900000000005
Clothing,South,2021-06,38034.78,30250.16
Electronics,South,2021-06,38730.92,8122.370000000001
Home & Kitchen,South,2021-06,6641.06,-951.8499999999997
Sports & Outdoors,South,2021-06,41819.549999999996,19154.16
Toys & Games,South,2021-06,24392.21,8418.89
Clothing,West,2021-06,14218.16,10461.929999999998
Electronics,West,2021-06,28573.87,6952.97
Home & Kitchen,West,2021-06,39972.33,16403.29
Sports & Outdoors,West,2021-06,57300.58,31066.94
Toys & Games,West,2021-06,30662.71,11805.11
Clothing,Central,2021-07,6226.38,5549.53
Electronics,Central,2021-07,29140.309999999998,7992.319999999999
Home & Kitchen,Central,2021-07,51922.0,26745.69
Sports & Outdoors,Central,2021-07,34094.81,15095.01
Toys & Games,Central,2021-07,58317.32,30484.38
Clothing,East,2021-07,29101.51,16269.93
Electronics,East,2021-07,38047.44,12543.599999999999
Home & Kitchen,East,2021-07,46555.57,32498.73
Sports & Outdoors,East,2021-07,44894.61,20272.8
Toys & Games,East,2021-07,23806.59,6427.12
Clothing,North,2021-07,23541.77,13816.94
Electronics,North,2021-07,41552.78,5064.649999999998
Home & Kitchen,North,2021-07,33910.69,12547.76
Sports & Outdoors,North,2021-07,21726.48,5865.799999999999
Toys & Games,North,2021-07,23255.86,6396.630000000001
Clothing,South,2021-07,19720.79,14492.960000000001
Electronics,South,2021-07,24242.809999999998,8171.329999999998
Home & Kitchen,South,2021-07,11538.98,4879.599999999999
Sports & Outdoors,South,2021-07,25249.53,15788.820000000002
Toys & Games,South,2021-07,22735.23,13297.730000000001
Clothing,West,2021-07,37483.93,23725.48
Electronics,West,2021-07,33960.12,8412.919999999998
Home & Kitchen,West,2021-07,26549.59,17432.61
Sports & Outdoors,West,2021-07,82704.74,47540.590000000004
Toys & Games,West,2021-07,23791.01,-497.1900000000001
Clothing,Central,2021-08,23546.780000000002,14261.480000000001
Electronics,Central,2021-08,18453.75,-343.5800000000007
Home & Kitchen,Central,2021-08,29823.7,13097.83
Sports & Outdoors,Central,2021-08,63135.799999999996,48402.49
Toys & Games,Central,2021-08,7685.91,1758.3099999999997
Clothing,East,2021-08,35782.64,25578.010000000002
Electronics,East,2021-08,20868.44,4249.34
Home & Kitchen,East,2021-08,37465.61,17170.91
Sports & Outdoors,East,2021-08,73802.47,50283.06
Toys & Games,East,2021-08,30347.47,11582.6
Clothing,North,2021-08,29296.84,16252.69
Electronics,North,2021-08,3111.12,-4088.0299999999997
Home & Kitchen,North,2021-08,29059.97,13654.52
Sports & Outdoors,North,2021-08,68914.12,41407.79
Toys & Games,North,2021-08,43521.81,26465.62
Clothing,South,2021-08,17372.09,11723.500000000002
Electronics,South,2021-08,37076.7,9895.87
Home & Kitchen,South,2021-08,24713.940000000002,11693.37
Sports & Outdoors,South,2021-08,37472.96,23636.32
Toys & Games,South,2021-08,10672.63,1614.9299999999992
Clothing,West,2021-08,25756.88,16101.98
Electronics,West,2021-08,40336.73,10944.88
Home & Kitchen,West,2021-08,44859.23,15470.019999999999
Sports & Outdoors,West,2021-08,65092.27,38725.47
Toys & Games,West,2021-08,17518.73,1317.93
Clothing,Central,2021-09,15562.97,12622.060000000001
Electronics,Central,2021-09,14121.65,-5605.8099999999995
Home & Kitchen,Central,2021-09,23821.61,9010.67
Sports & Outdoors,Central,2021-09,46770.02,34972.06
Toys & Games,Central,2021-09,23463.65,13682.16
Clothing,East,2021-09,31617.14,19155.01
Electronics,East,2021-09,55016.439999999995,32583.37
Home & Kitchen,East,2021-09,35736.42,16601.739999999998
Sports & Outdoors,East,2021-09,40530.73,27885.68
Toys & Games,East,2021-09,22525.8,7685.92
Clothing,North,2021-09,21676.25,14339.06
Electronics,North,2021-09,42326.32,14351.73
Home & Kitchen,North,2021-09,22726.399999999998,12607.84
Sports & Outdoors,North,2021-09,44986.43,18772.100000000002
Toys & Games,North,2021-09,36182.07,22530.82
Clothing,South,2021-09,33944.17,28317.11
Electronics,South,2021-09,31385.46,13305.880000000001
Home & Kitchen,South,2021-09,13307.48,8788.59
Sports & Outdoors,South,2021-09,22672.13,11234.15
Toys & Games,South,2021-09,15451.29,8651.630000000001
Clothing,West,2021-09,22992.8,15984.77
Electronics,West,2021-09,14461.4,-1204.05
Home & Kitchen,West,2021-09,34009.96,15096.35
Sports & Outdoors,West,2021-09,46704.67,19998.84
Toys & Games,West,2021-09,51545.479999999996,28326.679999999997
Clothing,Central,2021-10,11319.39,8297.83
Electronics,Central,2021-10,52623.509999999995,19089.549999999996
Home & Kitchen,Central,2021-10,38451.29,19204.78
Sports & Outdoors,Central,2021-10,42996.94,21358.149999999998
Toys & Games,Central,2021-10,20627.420000000002,6352.650000000001
Clothing,East,2021-10,17028.969999999998,11967.52
Electronics,East,2021-10,28646.88,13371.45
Home & Kitchen,East,2021-10,26986.04,7159.839999999998
Sports & Outdoors,East,2021-10,71278.09,46024.32
Toys & Games,East,2021-10,52426.19,30956.45
Clothing,North,2021-10,38866.03,28106.27
Electronics,North,2021-10,39954.23,16280.509999999998
Home & Kitchen,North,2021-10,19475.67,12282.98
Sports & Outdoors,North,2021-10,33142.11,13421.05
Toys & Games,North,2021-10,17062.52,1977.4800000000002
Clothing,South,2021-10,21457.350000000002,15045.5
Electronics,South,2021-10,29612.92,10445.74
Home & Kitchen,South,2021-10,20313.17,6164.129999999998
Sports & Outdoors,South,2021-10,25150.81,9306.24
Toys & Games,South,2021-10,15166.62,6805.27
Clothing,West,2021-10,12927.92,6696.42
Electronics,West,2021-10,19956.79,4957.67
Home & Kitchen,West,2021-10,23947.54,13941.29
Sports & Outdoors,West,2021-10,40935.36,18278.01
Toys & Games,West,2021-10,15157.12,6293.8099999999995
Clothing,Central,2021-11,7463.359999999999,5760.919999999999
Electronics,Central,2021-11,41760.840000000004,17066.84
Home & Kitchen,Central,2021-11,19602.9,7954.17
Sports & Outdoors,Central,2021-11,32636.079999999998,17309.22
Toys & Games,Central,2021-11,40916.33,29600.84
Clothing,East,2021-11,35940.61,24105.309999999998
Electronics,East,2021-11,37414.96,12747.289999999999
Home & Kitchen,East,2021-11,21427.05,7556.039999999999
Sports & Outdoors,East,2021-11,49426.41,21187.510000000002
Toys & Games,East,2021-11,19003.73,7976.23
Clothing,North,2021-11,21767.25,12076.81
Electronics,North,2021-11,55321.38,12900.210000000001
Home & Kitchen,North,2021-11,31980.530000000002,11582.760000000002
Sports & Outdoors,North,2021-11,69959.55,36256.93
Toys & Games,North,2021-11,23721.02,7285.92
Clothing,South,2021-11,2506.12,305.77
Electronics,South,2021-11,21806.43,5021.48
Home & Kitchen,South,2021-11,22888.440000000002,10621.920000000002
Sports & Outdoors,South,2021-11,26545.13,14637.59
Toys & Games,South,2021-11,10856.73,2647.15
Clothing,West,2021-11,19083.54,13599.16
Electronics,West,2021-11,46524.31,20833.83
Home & Kitchen,West,2021-11,30408.47,16210.68
Sports & Outdoors,West,2021-11,28506.449999999997,17722.68
Toys & Games,West,2021-11,15786.369999999999,10880.789999999999
Clothing,Central,2021-12,25383.43,18142.65
Electronics,Central,2021-12,22913.69,5705.479999999999
Home & Kitchen,Central,2021-12,41891.21,30571.3
Sports & Outdoors,Central,2021-12,45937.22,31513.980000000003
Toys & Games,Central,2021-12,15788.86,7793.43
Clothing,East,2021-12,23430.49,9232.76
Electronics,East,2021-12,18784.99,9286.14
Home & Kitchen,East,2021-12,26710.96,16003.06
Sports & Outdoors,East,2021-12,37049.42,17391.9
Toys & Games,East,2021-12,18054.58,5457.91
Clothing,North,2021-12,20179.76,11116.859999999999
Electronics,North,2021-12,42141.87,12243.729999999998
Home & Kitchen,North,2021-12,16071.960000000001,6898.580000000001
Sports & Outdoors,North,2021-12,68289.82,43697.490000000005
Toys & Games,North,2021-12,62648.85,36417.36
Clothing,South,2021-12,32544.39,22341.61
Electronics,South,2021-12,26448.16,1086.039999999999
Home & Kitchen,South,2021-12,16125.59,5360.749999999999
Sports & Outdoors,South,2021-12,40247.58,26899.12
Toys & Games,South,2021-12,45404.47,22059.829999999998
Clothing,West,2021-12,32206.96,17250.68
Electronics,West,2021-12,48464.68,15312.279999999999
Home & Kitchen,West,2021-12,32440.79,14984.66
Sports & Outdoors,West,2021-12,64571.79,36846.22
Toys & Games,West,2021-12,35086.1,15382.22
Clothing,Central,2022-01,22443.52,7198.550000000001
Electronics,Central,2022-01,16014.28,8683.880000000001
Home & Kitchen,Central,2022-01,39577.8,13287.570000000002
Sports & Outdoors,Central,2022-01,39271.42,24173.449999999997
Toys & Games,Central,2022-01,14683.54,1838.5200000000004
Clothing,East,2022-01,9569.740000000002,6547.820000000001
Electronics,East,2022-01,55625.1,23891.88
Home & Kitchen,East,2022-01,44140.34,26118.539999999997
Sports & Outdoors,East,2022-01,32870.09,15631.15
Toys & Games,East,2022-01,25117.29,13130.240000000003
Clothing,North,2022-01,33994.71,19583.36
Electronics,North,2022-01,92848.08,47017.18
Home & Kitchen,North,2022-01,21378.61,12524.33
Sports & Outdoors,North,2022-01,44610.799999999996,34093.439999999995
Toys & Games,North,2022-01,28276.210000000003,13343.260000000004
Clothing,South,2022-01,10187.24,6214.860000000001
Electronics,South,2022-01,46644.12,5363.599999999999
Home & Kitchen,South,2022-01,38184.43,9495.92
Sports & Outdoors,South,2022-01,53665.79,27111.69
Toys & Games,South,2022-01,23933.18,13647.390000000001
Clothing,West,2022-01,36877.58,28032.98
Electronics,West,2022-01,68180.52,29375.97
Home & Kitchen,West,2022-01,32057.13,16089.81
Sports & Outdoors,West,2022-01,46165.299999999996,23256.42
Toys & Games,West,2022-01,28032.76,10804.449999999999
Clothing,Central,2022-02,20702.56,12591.7
Electronics,Central,2022-02,31137.09,12120.07
Home & Kitchen,Central,2022-02,14856.26,5948.59
Sports & Outdoors,Central,2022-02,36915.29,22244.68
Toys & Games,Central,2022-02,22315.5,11289.89
Clothing,East,2022-02,35594.9,19553.41
Electronics,East,2022-02,27049.72,14578.46
Home & Kitchen,East,2022-02,24610.43,1544.8799999999994
Sports & Outdoors,East,2022-02,29535.350000000002,15676.43
Toys & Games,East,2022-02,12442.5,6592.75
Clothing,North,2022-02,9250.29,2368.71
Electronics,North,2022-02,33939.2,5531.789999999997
Home & Kitchen,North,2022-02,38690.22,18655.59
Sports & Outdoors,North,2022-02,27679.16,12908.05
Toys & Games,North,2022-02,15799.41,5361.88
Clothing,South,2022-02,20285.6,15207.64
Electronics,South,2022-02,10371.7,2771.25
Home & Kitchen,South,2022-02,20457.0,11960.609999999999
Sports & Outdoors,South,2022-02,43378.62,20267.38
Toys & Games,South,2022-02,13789.16,7881.490000000001
Clothing,West,2022-02,32150.48,11234.699999999999
Electronics,West,2022-02,27113.95,8056.099999999999
Home & Kitchen,West,2022-02,27808.44,13405.409999999998
Sports & Outdoors,West,2022-02,46140.97,25806.11
Toys & Games,West,2022-02,36528.79,26705.94
Clothing,Central,2022-03,20049.98,11997.28
Electronics,Central,2022-03,17139.58,109.62000000000126
Home & Kitchen,Central,2022-03,32317.44,16623.84
Sports & Outdoors,Central,2022-03,41337.19,27026.59
Toys & Games,Central,2022-03,25167.92,11921.91
Clothing,East,2022-03,37534.99,25727.14
Electronics,East,2022-03,15086.98,1234.1899999999996
Home & Kitchen,East,2022-03,26798.95,13460.43
Sports & Outdoors,East,2022-03,41072.46,23704.839999999997
Toys & Games,East,2022-03,55901.52,30058.9
Clothing,North,2022-03,17976.16,10449.5
Electronics,North,2022-03,37979.08,17071.86
Home & Kitchen,North,2022-03,33541.42,17877.13
Sports & Outdoors,North,2022-03,69247.39,43501.56
Toys & Games,North,2022-03,27282.71,19800.06
Clothing,South,2022-03,19203.68,6582.719999999999
Electronics,South,2022-03,37011.45,16935.58
Home & Kitchen,South,2022-03,38941.86,15231.34
Sports & Outdoors,South,2022-03,40550.85,29079.0
Toys & Games,South,2022-03,15971.83,3803.3099999999995
Clothing,West,2022-03,34451.55,27421.67
Electronics,West,2022-03,56334.47,21327.86
Home & Kitchen,West,2022-03,29719.59,10411.3
Sports & Outdoors,West,2022-03,43193.229999999996,23412.929999999997
Toys & Games,West,2022-03,25213.91,9716.47
Clothing,Central,2022-04,4905.599999999999,4660.879999999999
Electronics,Central,2022-04,38666.65,19822.44
Home & Kitchen,Central,2022-04,26482.010000000002,13978.43
Sports & Outdoors,Central,2022-04,37568.3,24079.13
Toys & Games,Central,2022-04,23977.219999999998,8238.71
Clothing,East,2022-04,47341.43,24625.72
Electronics,East,2022-04,41393.23,9453.890000000001
Home & Kitchen,East,2022-04,33586.06,9432.51
Sports & Outdoors,East,2022-04,49780.14,21328.4
Toys & Games,East,2022-04,35010.33,12617.0
Clothing,North,2022-04,18829.37,9285.909999999998
Electronics,North,2022-04,42439.5,16272.790000000003
Home & Kitchen,North,2022-04,18856.2,9002.8
Sports & Outdoors,North,2022-04,61302.79,43460.49
Toys & Games,North,2022-04,31997.05,16633.09
Clothing,South,2022-04,13901.96,7735.7699999999995
Electronics,South,2022-04,16983.32,4433.57
Home & Kitchen,South,2022-04,20182.04,11744.13
Sports & Outdoors,South,2022-04,39790.18,15571.419999999998
Toys & Games,South,2022-04,13674.009999999998,3494.0199999999995
Clothing,West,2022-04,10448.48,7276.08
Electronics,West,2022-04,24980.690000000002,8157.92
Home & Kitchen,West,2022-04,22549.22,3996.159999999999
Sports & Outdoors,West,2022-04,63590.6,32640.94
Toys & Games,West,2022-04,39609.51,20452.690000000002
Clothing,Central,2022-05,8772.16,-1006.6200000000001
Electronics,Central,2022-05,21399.02,11482.21
Home & Kitchen,Central,2022-05,23164.170000000002,7431.7
Sports & Outdoors,Central,2022-05,35873.27,21886.62
Toys & Games,Central,2022-05,23864.34,11485.46
Clothing,East,2022-05,27296.73,20285.039999999997
Electronics,East,2022-05,14927.29,-1849.2599999999998
Home & Kitchen,East,2022-05,40659.31,21835.25
Sports & Outdoors,East,2022-05,69470.23,42772.25
Toys & Games,East,2022-05,46145.08,20881.16
Clothing,North,2022-05,9851.48,2427.9100000000003
Electronics,North,2022-05,45081.81,4524.009999999999
Home & Kitchen,North,2022-05,30471.42,15026.64
Sports & Outdoors,North,2022-05,62594.82,39267.51
Toys & Games,North,2022-05,32378.54,10134.189999999999
Clothing,South,2022-05,18358.51,10268.09
Electronics,South,2022-05,12680.33,2306.69
Home & Kitchen,South,2022-05,16530.61,4674.94
Sports & Outdoors,South,2022-05,26516.74,20066.87
Toys & Games,South,2022-05,13222.14,3848.409999999999
Clothing,West,2022-05,60229.07,44915.39
Electronics,West,2022-05,46507.29,11196.859999999999
Home & Kitchen,West,2022-05,55962.49,25254.379999999997
Sports & Outdoors,West,2022-05,60672.06,33934.19
Toys & Games,West,2022-05,17636.88,12381.38
Clothing,Central,2022-06,20986.39,8792.85
Electronics,Central,2022-06,25988.79,13424.14
Home & Kitchen,Central,2022-06,24179.71,7485.869999999998
Sports & Outdoors,Central,2022-06,28547.94,17572.82
Toys & Games,Central,2022-06,18134.72,7737.789999999999
Clothing,East,2022-06,23156.0,13266.929999999998
Electronics,East,2022-06,34568.14,9176.0
Home & Kitchen,East,2022-06,26538.850000000002,16090.67
Sports & Outdoors,East,2022-06,32208.23,18381.480000000003
Toys & Games,East,2022-06,27551.16,9474.550000000001
Clothing,North,2022-06,23463.66,14040.81
Electronics,North,2022-06,20259.82,9150.38
Home & Kitchen,North,2022-06,22973.11,12462.95
Sports & Outdoors,North,2022-06,43474.53,24694.36
Toys & Games,North,2022-06,33466.49,20332.02
Clothing,South,2022-06,19140.6,8806.779999999999
Electronics,South,2022-06,40625.6,17476.84
Home & Kitchen,South,2022-06,13067.0,3579.5899999999992
Sports & Outdoors,South,2022-06,31513.12,18637.04
Toys & Games,South,2022-06,22035.170000000002,2223.11
Clothing,West,2022-06,9220.57,2095.38
Electronics,West,2022-06,38212.909999999996,21703.249999999996
Home & Kitchen,West,2022-06,54420.89,27425.449999999997
Sports & Outdoors,West,2022-06,35199.27,20135.32
Toys & Games,West,2022-06,20217.239999999998,7567.389999999999
Clothing,Central,2022-07,20416.010000000002,14682.900000000001
Electronics,Central,2022-07,22591.15,8871.859999999999
Home & Kitchen,Central,2022-07,14937.53,2346.44
Sports & Outdoors,Central,2022-07,26133.71,18357.190000000002
Toys & Games,Central,2022-07,60363.490000000005,35519.740000000005
Clothing,East,2022-07,36494.82,25146.879999999997
Electronics,East,2022-07,30387.62,17713.86
Home & Kitchen,East,2022-07,24623.62,15794.43
Sports & Outdoors,East,2022-07,49967.3,16129.710000000001
Toys & Games,East,2022-07,19793.31,11252.210000000001
Clothing,North,2022-07,41509.17,27576.5
Electronics,North,2022-07,32654.04,3867.839999999999
Home & Kitchen,North,2022-07,32985.08,11584.12
Sports & Outdoors,North,2022-07,52653.2,27269.289999999997
Toys & Games,North,2022-07,29054.84,15933.12
Clothing,South,2022-07,25553.120000000003,12625.250000000002
Electronics,South,2022-07,17365.89,-3247.68
Home & Kitchen,South,2022-07,29209.83,8500.680000000002
Sports & Outdoors,South,2022-07,11840.73,7685.13
Toys & Games,South,2022-07,43370.31,22006.44
Clothing,West,2022-07,39456.58,24277.5
Electronics,West,2022-07,61190.84,22929.89
Home & Kitchen,West,2022-07,21775.07,10294.48
Sports & Outdoors,West,2022-07,38306.2,22906.46
Toys & Games,West,2022-07,30217.53,20439.47
Clothing,Central,2022-08,10351.289999999999,8473.03
Electronics,Central,2022-08,24022.73,12779.389999999998
Home & Kitchen,Central,2022-08,26768.8,13304.960000000001
Sports & Outdoors,Central,2022-08,55477.5,29121.96
Toys & Games,Central,2022-08,1609.72,-1311.31
Clothing,East,2022-08,38415.73,23313.64
Electronics,East,2022-08,43414.66,17575.43
Home & Kitchen,East,2022-08,24355.39,12983.1
Sports & Outdoors,East,2022-08,57652.48,31716.95
Toys & Games,East,2022-08,37498.96,20708.600000000002
Clothing,North,2022-08,8022.66,4005.269999999999
Electronics,North,2022-08,65214.48,19881.16
Home & Kitchen,North,2022-08,9046.0,3774.3999999999996
Sports & Outdoors,North,2022-08,47408.04,26047.550000000003
Toys & Games,North,2022-08,42288.89,17002.190000000002
Clothing,South,2022-08,15795.87,6944.25
Electronics,South,2022-08,34908.13,5231.570000000001
Home & Kitchen,South,2022-08,14809.25,1561.0399999999997
Sports & Outdoors,South,2022-08,49699.979999999996,35221.24
Toys & Games,South,2022-08,15469.76,7130.390000000001
Clothing,West,2022-08,18845.149999999998,13496.219999999998
Electronics,West,2022-08,26313.629999999997,7216.959999999998
Home & Kitchen,West,2022-08,25783.71,8116.48
Sports & Outdoors,West,2022-08,32528.11,11087.060000000001
Toys & Games,West,2022-08,35199.96,15776.189999999999
Clothing,Central,2022-09,6767.9400000000005,5521.46
Electronics,Central,2022-09,15700.45,3868.32
Home & Kitchen,Central,2022-09,19137.75,10057.74
Sports & Outdoors,Central,2022-09,24565.99,10735.35
Toys & Games,Central,2022-09,21056.26,8740.130000000001
Clothing,East,2022-09,34470.66,24222.17
Electronics,East,2022-09,17429.54,3000.08
Home & Kitchen,East,2022-09,25490.22,12439.68
Sports & Outdoors,East,2022-09,31860.16,18745.17
Toys & Games,East,2022-09,27359.82,2221.66
Clothing,North,2022-09,35605.79,13936.18
Electronics,North,2022-09,21756.88,7831.62
Home & Kitchen,North,2022-09,38071.11,13360.4
Sports & Outdoors,North,2022-09,40360.82,25106.379999999997
Toys & Games,North,2022-09,15307.77,10395.4
Clothing,South,2022-09,14429.02,8759.849999999999
Electronics,South,2022-09,25060.14,11252.35
Home & Kitchen,South,2022-09,7785.5,1858.3399999999992
Sports & Outdoors,South,2022-09,44184.93,23532.09
Toys & Games,South,2022-09,11552.960000000001,6923.470000000001
Clothing,West,2022-09,17891.4,11394.17
Electronics,West,2022-09,35432.37,16296.93
Home & Kitchen,West,2022-09,42821.39,22147.36
Sports & Outdoors,West,2022-09,58390.24,32569.58
Toys & Games,West,2022-09,23449.67,9579.69
Clothing,Central,2022-10,9728.84,9107.880000000001
Electronics,Central,2022-10,17293.03,5921.709999999999
Home & Kitchen,Central,2022-10,32802.880000000005,19736.120000000003
Sports & Outdoors,Central,2022-10,17696.05,9032.83
Toys & Games,Central,2022-10,25837.81,16982.0
Clothing,East,2022-10,56243.56,35691.649999999994
Electronics,East,2022-10,56341.5,23345.82
Home & Kitchen,East,2022-10,28459.21,13736.480000000001
Sports & Outdoors,East,2022-10,53625.52,28455.73
Toys & Games,East,2022-10,43376.08,27268.16
Clothing,North,2022-10,17549.44,12329.359999999999
Electronics,North,2022-10,46920.29,10533.169999999998
Home & Kitchen,North,2022-10,39777.78,18087.23
Sports & Outdoors,North,2022-10,49974.05,38758.02
Toys & Games,North,2022-10,17732.62,10764.529999999999
Clothing,South,2022-10,28525.210000000003,15070.980000000001
Electronics,South,2022-10,21763.6,5453.629999999999
Home & Kitchen,South,2022-10,4957.71,2275.7799999999997
Sports & Outdoors,South,2022-10,33678.28,9822.6
Toys & Games,South,2022-10,19503.57,9142.7
Clothing,West,2022-10,29428.52,14773.189999999999
Electronics,West,2022-10,25588.0,13955.899999999998
Home & Kitchen,West,2022-10,31459.91,15739.31
Sports & Outdoors,West,2022-10,50796.93,26032.74
Toys & Games,West,2022-10,14514.25,-366.71999999999946
Clothing,Central,2022-11,24617.88,14839.61
Electronics,Central,2022-11,26547.41,16794.71
Home & Kitchen,Central,2022-11,32475.88,13193.84
Sports & Outdoors,Central,2022-11,55904.66,27567.33
Toys & Games,Central,2022-11,31811.98,13079.970000000001
Clothing,East,2022-11,25116.04,19762.199999999997
Electronics,East,2022-11,41928.56,11149.5
Home & Kitchen,East,2022-11,36499.98,22156.69
Sports & Outdoors,East,2022-11,51584.07,26090.570000000003
Toys & Games,East,2022-11,28612.0,10766.789999999999
Clothing,North,2022-11,27051.170000000002,8804.94
Electronics,North,2022-11,57684.79,22645.24
Home & Kitchen,North,2022-11,20459.829999999998,11989.609999999999
Sports & Outdoors,North,2022-11,30461.23,20002.95
Toys & Games,North,2022-11,27674.7,9996.43
Clothing,South,2022-11,27166.760000000002,18439.489999999998
Electronics,South,2022-11,28610.31,14987.45
Home & Kitchen,South,2022-11,11046.06,4234.589999999999
Sports & Outdoors,South,2022-11,39387.93,29643.469999999998
Toys & Games,South,2022-11,19831.989999999998,8059.179999999999
Clothing,West,2022-11,16549.489999999998,10718.96
Electronics,West,2022-11,49529.89,18430.27
Home & Kitchen,West,2022-11,43143.19,20620.89
Sports & Outdoors,West,2022-11,83101.53,38753.02
Toys & Games,West,2022-11,30452.18,13322.91
Clothing,Central,2022-12,17216.15,6821.380000000001
Electronics,Central,2022-12,41507.09,14489.06
Home & Kitchen,Central,2022-12,29214.46,14487.029999999999
Sports & Outdoors,Central,2022-12,44632.21,24009.78
Toys & Games,Central,2022-12,45319.31,20047.08
Clothing,East,2022-12,39052.31,26109.82
Electronics,East,2022-12,50145.93,23960.62
Home & Kitchen,East,2022-12,13151.59,1177.7899999999997
Sports & Outdoors,East,2022-12,62124.5,37539.04
Toys & Games,East,2022-12,7173.93,-1540.3700000000003
Clothing,North,2022-12,28139.59,12131.37
Electronics,North,2022-12,6927.43,-3477.22
Home & Kitchen,North,2022-12,24304.16,12990.83
Sports & Outdoors,North,2022-12,75694.16,37418.5
Toys & Games,North,2022-12,21811.94,15312.73
Clothing,South,2022-12,19539.97,15026.420000000002
Electronics,South,2022-12,24353.85,10021.439999999999
Home & Kitchen,South,2022-12,36563.96,21575.69
Sports & Outdoors,South,2022-12,30055.88,12102.85
Toys & Games,South,2022-12,15357.240000000002,8202.880000000001
Clothing,West,2022-12,33383.55,20151.7
Electronics,West,2022-12,22803.05,10978.12
Home & Kitchen,West,2022-12,20212.02,1974.559999999999
Sports & Outdoors,West,2022-12,60541.48,26581.34
Toys & Games,West,2022-12,28417.059999999998,16652.07
Clothing,Central,2023-01,24805.89,13547.579999999998
Electronics,Central,2023-01,20955.68,8224.99
Home & Kitchen,Central,2023-01,31360.52,16371.63
Sports & Outdoors,Central,2023-01,36902.97,18075.47
Toys & Games,Central,2023-01,31360.550000000003,15501.380000000001
Clothing,East,2023-01,48317.090000000004,27558.469999999998
Electronics,East,2023-01,26714.07,7417.39
Home & Kitchen,East,2023-01,22810.03,13589.89
Sports & Outdoors,East,2023-01,34392.74,16865.57
Toys & Games,East,2023-01,42070.869999999995,20818.06
Clothing,North,2023-01,31313.68,20932.58
Electronics,North,2023-01,34042.18,13904.73
Home & Kitchen,North,2023-01,26555.23,13358.939999999999
Sports & Outdoors,North,2023-01,36571.49,17586.01
Toys & Games,North,2023-01,12192.26,6205.48
Clothing,South,2023-01,24391.52,14109.55
Electronics,South,2023-01,16286.26,7088.9400000000005
Home & Kitchen,South,2023-01,40029.409999999996,23157.31
Sports & Outdoors,South,2023-01,40823.91,26386.750000000004
Toys & Games,South,2023-01,24301.31,15857.740000000002
Clothing,West,2023-01,32452.11,24534.26
Electronics,West,2023-01,43244.87,3348.66
Home & Kitchen,West,2023-01,27200.75,4169.700000000001
Sports & Outdoors,West,2023-01,56818.700000000004,26900.370000000003
Toys & Games,West,2023-01,11948.57,1574.58
Clothing,Central,2023-02,23924.39,16611.59
Electronics,Central,2023-02,19912.190000000002,4168.110000000001
Home & Kitchen,Central,2023-02,20064.93,2034.5299999999993
Sports & Outdoors,Central,2023-02,37528.34,21247.67
Toys & Games,Central,2023-02,46496.18,14662.380000000001
Clothing,East,2023-02,31152.95,19072.9
Electronics,East,2023-02,29346.58,8091.110000000001
Home & Kitchen,East,2023-02,27806.29,5707.460000000001
Sports & Outdoors,East,2023-02,74292.67,42893.84
Toys & Games,East,2023-02,31305.02,20165.460000000003
Clothing,North,2023-02,13762.5,6666.070000000001
Electronics,North,2023-02,29537.89,8351.849999999999
Home & Kitchen,North,2023-02,14408.369999999999,5216.659999999999
Sports & Outdoors,North,2023-02,38197.86,21868.010000000002
Toys & Games,North,2023-02,25628.78,9030.39
Clothing,South,2023-02,19566.4,11817.94
Electronics,South,2023-02,20482.559999999998,3764.8199999999997
Home & Kitchen,South,2023-02,22228.64,4081.7599999999998
Sports & Outdoors,South,2023-02,25406.58,18147.75
Toys & Games,South,2023-02,62779.26,40924.950000000004
Clothing,West,2023-02,39299.64,17006.37
Electronics,West,2023-02,41076.65,16672.170000000002
Home & Kitchen,West,2023-02,34033.33,17731.24
Sports & Outdoors,West,2023-02,75493.28,48538.46
Toys & Games,West,2023-02,34872.75,21058.77
Clothing,Central,2023-03,17974.56,15097.02
Electronics,Central,2023-03,17677.14,5575.3099999999995
Home & Kitchen,Central,2023-03,13241.91,7680.36
Sports & Outdoors,Central,2023-03,68572.5,40427.85
Toys & Games,Central,2023-03,29059.31,22430.35
Clothing,East,2023-03,28793.920000000002,13501.04
Electronics,East,2023-03,45064.15,11203.86
Home & Kitchen,East,2023-03,43397.65,16253.7
Sports & Outdoors,East,2023-03,50883.98,27841.71
Toys & Games,East,2023-03,38278.88,27515.65
Clothing,North,2023-03,36670.03,27836.5
Electronics,North,2023-03,36310.12,11385.9
Home & Kitchen,North,2023-03,44516.74,25815.359999999997
Sports & Outdoors,North,2023-03,32126.98,19250.14
Toys & Games,North,2023-03,21061.73,9898.76
Clothing,South,2023-03,28659.94,23307.92
Electronics,South,2023-03,9336.59,-3262.7799999999997
Home & Kitchen,South,2023-03,22044.72,15446.31
Sports & Outdoors,South,2023-03,37855.22,19833.97
Toys & Games,South,2023-03,13949.99,7666.42
Clothing,West,2023-03,21828.72,6266.97
Electronics,West,2023-03,28876.92,10666.23
Home & Kitchen,West,2023-03,29324.25,13210.93
Sports & Outdoors,West,2023-03,49920.04,34636.159999999996
Toys & Games,West,2023-03,33221.54,14706.59
Clothing,Central,2023-04,15547.630000000001,7327.350000000001
Electronics,Central,2023-04,33095.83,12601.810000000001
Home & Kitchen,Central,2023-04,29998.579999999998,13769.33
Sports & Outdoors,Central,2023-04,25291.59,14270.359999999999
Toys & Games,Central,2023-04,31102.28,25367.01
Clothing,East,2023-04,4943.13,596.2799999999996
Electronics,East,2023-04,36562.840000000004,16078.27
Home & Kitchen,East,2023-04,21150.31,6893.599999999999
Sports & Outdoors,East,2023-04,61064.91,40615.350000000006
Toys & Games,East,2023-04,33872.65,13388.210000000001
Clothing,North,2023-04,23791.499999999996,11836.179999999998
Electronics,North,2023-04,28276.65,10802.529999999999
Home & Kitchen,North,2023-04,43785.31,24351.16
Sports & Outdoors,North,2023-04,47262.24,32963.51
Toys & Games,North,2023-04,19588.45,11513.84
Clothing,South,2023-04,16045.460000000001,11531.35
Electronics,South,2023-04,24979.350000000002,8603.210000000001
Home & Kitchen,South,2023-04,13160.43,9092.76
Sports & Outdoors,South,2023-04,17221.78,13724.599999999999
Toys & Games,South,2023-04,21678.98,10339.5
Clothing,West,2023-04,19068.98,16115.42
Electronics,West,2023-04,34104.61,14958.26
Home & Kitchen,West,2023-04,22664.09,15313.900000000001
Sports & Outdoors,West,2023-04,43281.53,20782.75
Toys & Games,West,2023-04,48336.130000000005,24726.940000000002
Clothing,Central,2023-05,21337.02,14612.33
Electronics,Central,2023-05,15767.9,10447.060000000001
Home & Kitchen,Central,2023-05,16084.7,-1729.4100000000005
Sports & Outdoors,Central,2023-05,53025.83,31571.01
Toys & Games,Central,2023-05,20074.420000000002,12880.75
Clothing,East,2023-05,38849.95,27606.469999999998
Electronics,East,2023-05,38710.82,15587.01
Home & Kitchen,East,2023-05,31300.18,21070.469999999998
Sports & Outdoors,East,2023-05,52418.29,37180.11
Toys & Games,East,2023-05,34765.340000000004,16338.250000000002
Clothing,North,2023-05,11337.64,8373.199999999999
Electronics,North,2023-05,36009.14,11402.210000000001
Home & Kitchen,North,2023-05,46620.29,21606.01
Sports & Outdoors,North,2023-05,36640.27,21452.07
Toys & Games,North,2023-05,37344.09,19414.78
Clothing,South,2023-05,26518.97,13491.460000000001
Electronics,South,2023-05,35483.44,9811.49
Home & Kitchen,South,2023-05,15421.42,9193.369999999999
Sports & Outdoors,South,2023-05,55679.39,44489.62
Toys & Games,South,2023-05,36787.71,13486.11
Clothing,West,2023-05,9882.859999999999,-2823.4200000000005
Electronics,West,2023-05,28791.98,9951.449999999999
Home & Kitchen,West,2023-05,57042.91,26304.16
Sports & Outdoors,West,2023-05,44205.39,18005.02
Toys & Games,West,2023-05,20351.11,5484.85
Clothing,Central,2023-06,16948.81,10760.970000000001
Electronics,Central,2023-06,18280.32,2817.4399999999996
Home & Kitchen,Central,2023-06,8948.8,2280.0299999999993
Sports & Outdoors,Central,2023-06,70874.42,38743.899999999994
Toys & Games,Central,2023-06,17377.28,4150.26
Clothing,East,2023-06,19511.76,15298.65
Electronics,East,2023-06,14426.24,5430.35
Home & Kitchen,East,2023-06,16394.01,-6306.710000000001
Sports & Outdoors,East,2023-06,65933.41,38738.57
Toys & Games,East,2023-06,16778.28,7376.009999999999
Clothing,North,2023-06,17115.05,9853.18
Electronics,North,2023-06,33539.83,4115.39
Home & Kitchen,North,2023-06,47643.92,31840.899999999998
Sports & Outdoors,North,2023-06,40273.35,20854.26
Toys & Games,North,2023-06,23206.11,10529.86
Clothing,South,2023-06,19487.19,10458.49
Electronics,South,2023-06,20946.33,9570.29
Home & Kitchen,South,2023-06,23406.05,8355.13
Sports & Outdoors,South,2023-06,53308.51,36758.090000000004
Toys & Games,South,2023-06,19502.96,8472.059999999998
Clothing,West,2023-06,62480.229999999996,42583.96
Electronics,West,2023-06,31103.93,2232.250000000001
Home & Kitchen,West,2023-06,22518.829999999998,2014.1199999999985
Sports & Outdoors,West,2023-06,58367.55,35033.29
Toys & Games,West,2023-06,21384.22,14937.289999999999
Clothing,Central,2023-07,16054.13,8340.89
Electronics,Central,2023-07,18754.36,9119.94
Home & Kitchen,Central,2023-07,35719.03,21391.37
Sports & Outdoors,Central,2023-07,39709.9,23987.410000000003
Toys & Games,Central,2023-07,38724.68,24499.39
Clothing,East,2023-07,25411.83,12855.32
Electronics,East,2023-07,18744.1,6875.719999999999
Home & Kitchen,East,2023-07,31314.6,16359.13
Sports & Outdoors,East,2023-07,27655.95,20323.3
Toys & Games,East,2023-07,37948.95,20777.92
Clothing,North,2023-07,7861.089999999999,2086.34
Electronics,North,2023-07,52668.43,27963.17
Home & Kitchen,North,2023-07,44149.47,24416.27
Sports & Outdoors,North,2023-07,71680.08,40175.07
Toys & Games,North,2023-07,13421.310000000001,2978.3500000000004
Clothing,South,2023-07,8707.36,5821.94
Electronics,South,2023-07,37307.04,13787.12
Home & Kitchen,South,2023-07,19037.07,3914.0899999999992
Sports & Outdoors,South,2023-07,27404.13,7970.150000000001
Toys & Games,South,2023-07,17049.56,2519.4900000000007
Clothing,West,2023-07,31226.69,20932.61
Electronics,West,2023-07,20021.12,8708.72
Home & Kitchen,West,2023-07,37276.37,21731.760000000002
Sports & Outdoors,West,2023-07,36881.69,16611.43
Toys & Games,West,2023-07,45487.79,18375.32
Clothing,Central,2023-08,29185.87,21584.71
Electronics,Central,2023-08,8357.19,3970.5099999999993
Home & Kitchen,Central,2023-08,36957.49,18715.87
Sports & Outdoors,Central,2023-08,22336.33,11180.970000000001
Toys & Games,Central,2023-08,30791.79,13364.140000000001
Clothing,East,2023-08,15239.09,9434.43
Electronics,East,2023-08,34046.8,7282.2699999999995
Home & Kitchen,East,2023-08,12017.68,4070.4099999999994
Sports & Outdoors,East,2023-08,64903.24,41755.619999999995
Toys & Games,East,2023-08,6499.97,-488.8900000000002
Clothing,North,2023-08,38595.48,18433.06
Electronics,North,2023-08,37188.46,7262.23
Home & Kitchen,North,2023-08,31743.809999999998,13326.029999999999
Sports & Outdoors,North,2023-08,48741.950000000004,21234.78
Toys & Games,North,2023-08,36215.91,12720.7
Clothing,South,2023-08,17030.109999999997,9864.32
Electronics,South,2023-08,25089.94,7056.919999999999
Home & Kitchen,South,2023-08,7589.78,2077.6700000000005
Sports & Outdoors,South,2023-08,34236.07,23034.89
Toys & Games,South,2023-08,12074.41,4165.09
Clothing,West,2023-08,12904.6,8675.130000000001
Electronics,West,2023-08,36841.0,8591.72
Home & Kitchen,West,2023-08,34701.18,13701.639999999998
Sports & Outdoors,West,2023-08,42147.82,34017.04
Toys & Games,West,2023-08,20109.35,10342.02
Clothing,Central,2023-09,19984.29,15660.59
Electronics,Central,2023-09,24707.94,17856.92
Home & Kitchen,Central,2023-09,23767.31,10642.51
Sports & Outdoors,Central,2023-09,75124.85,44474.47
Toys & Games,Central,2023-09,18366.62,13051.25
Clothing,East,2023-09,26086.09,16424.5
Electronics,East,2023-09,31746.2,7489.900000000001
Home & Kitchen,East,2023-09,30101.13,17125.37
Sports & Outdoors,East,2023-09,51549.69,20884.300000000003
Toys & Games,East,2023-09,18118.7,9185.53
Clothing,North,2023-09,20868.54,14577.9
Electronics,North,2023-09,35086.700000000004,10346.640000000001
Home & Kitchen,North,2023-09,28320.899999999998,21414.41
Sports & Outdoors,North,2023-09,46885.11,28166.89
Toys & Games,North,2023-09,40696.189999999995,20321.85
Clothing,South,2023-09,41727.979999999996,29398.639999999996
Electronics,South,2023-09,23084.26,5645.589999999998
Home & Kitchen,South,2023-09,1425.1399999999999,-3551.0400000000004
Sports & Outdoors,South,2023-09,62176.86,36300.34
Toys & Games,South,2023-09,10822.449999999999,4307.9
Clothing,West,2023-09,10399.6,8117.400000000001
Electronics,West,2023-09,30558.29,6087.3
Home & Kitchen,West,2023-09,30878.64,20709.36
Sports & Outdoors,West,2023-09,50641.83,20799.24
Toys & Games,West,2023-09,48413.49,21424.179999999997
Clothing,Central,2023-10,23464.66,14219.980000000001
Electronics,Central,2023-10,18271.079999999998,2172.4099999999994
Home & Kitchen,Central,2023-10,56071.01,30433.48
Sports & Outdoors,Central,2023-10,49813.52,31931.9
Toys & Games,Central,2023-10,16489.510000000002,1974.1500000000008
Clothing,East,2023-10,12927.25,1746.5499999999997
Electronics,East,2023-10,29332.7,14838.12
Home & Kitchen,East,2023-10,24422.06,5864.6900000000005
Sports & Outdoors,East,2023-10,53940.23,29696.93
Toys & Games,East,2023-10,22550.85,6256.540000000001
Clothing,North,2023-10,50623.26,29681.29
Electronics,North,2023-10,31641.34,14587.75
Home & Kitchen,North,2023-10,14148.57,2167.2900000000004
Sports & Outdoors,North,2023-10,38197.03,20848.54
Toys & Games,North,2023-10,20359.18,10816.789999999999
Clothing,South,2023-10,9193.130000000001,2664.6900000000005
Electronics,South,2023-10,17792.28,3795.95
Home & Kitchen,South,2023-10,9433.38,1537.1399999999994
Sports & Outdoors,South,2023-10,32542.51,17088.129999999997
Toys & Games,South,2023-10,10003.53,3994.64
Clothing,West,2023-10,22306.62,8215.1
Electronics,West,2023-10,30653.88,4145.14
Home & Kitchen,West,2023-10,29737.75,10484.07
Sports & Outdoors,West,2023-10,33321.88,17727.14
Toys & Games,West,2023-10,8619.31,3692.0200000000004
Clothing,Central,2023-11,24849.35,14756.84
Electronics,Central,2023-11,30225.94,6476.299999999999
Home & Kitchen,Central,2023-11,21353.28,8897.03
Sports & Outdoors,Central,2023-11,44975.83,24860.37
Toys & Games,Central,2023-11,31367.48,12390.509999999998
Clothing,East,2023-11,30025.239999999998,9195.48
Electronics,East,2023-11,44859.34,12911.08
Home & Kitchen,East,2023-11,38028.299999999996,13028.819999999998
Sports & Outdoors,East,2023-11,61779.71,35782.28
Toys & Games,East,2023-11,25512.64,7874.089999999998
Clothing,North,2023-11,36615.57,18053.16
Electronics,North,2023-11,33677.58,14627.249999999998
Home & Kitchen,North,2023-11,16433.39,3580.0099999999993
Sports & Outdoors,North,2023-11,96161.69,53618.17
Toys & Games,North,2023-11,34092.25,16480.320000000003
Clothing,South,2023-11,7679.86,5013.95
Electronics,South,2023-11,23615.94,9838.4
Home & Kitchen,South,2023-11,28076.29,13096.71
Sports & Outdoors,South,2023-11,34057.47,22930.81
Toys & Games,South,2023-11,13555.58,-494.8900000000001
Clothing,West,2023-11,24091.16,17104.29
Electronics,West,2023-11,30128.579999999998,6148.969999999999
Home & Kitchen,West,2023-11,18239.47,6794.75
Sports & Outdoors,West,2023-11,42531.35,28997.92
Toys & Games,West,2023-11,21683.76,10076.73
Clothing,Central,2023-12,10139.37,5600.32
Electronics,Central,2023-12,40618.56,17400.789999999997
Home & Kitchen,Central,2023-12,24967.41,9546.92
Sports & Outdoors,Central,2023-12,40824.82,25231.82
Toys & Games,Central,2023-12,33719.23,8910.810000000001
Clothing,East,2023-12,27761.43,17929.649999999998
Electronics,East,2023-12,31141.43,1318.909999999998
Home & Kitchen,East,2023-12,33637.06,12128.4
Sports & Outdoors,East,2023-12,33125.67,20860.39
Toys & Games,East,2023-12,72014.2,30465.19
Clothing,North,2023-12,12591.02,5748.67
Electronics,North,2023-12,28461.87,-7462.660000000002
Home & Kitchen,North,2023-12,28450.17,4076.1299999999974
Sports & Outdoors,North,2023-12,37886.1,14842.859999999999
Toys & Games,North,2023-12,19765.06,7366.679999999999
Clothing,South,2023-12,51285.67,33050.73
Electronics,South,2023-12,16022.75,4493.879999999999
Home & Kitchen,South,2023-12,19465.62,3407.4900000000002
Sports & Outdoors,South,2023-12,38878.76,25546.640000000003
Toys & Games,South,2023-12,24861.289999999997,17445.26
Clothing,West,2023-12,8213.9,4158.02
Electronics,West,2023-12,26535.77,2793.1299999999997
Home & Kitchen,West,2023-12,45776.12,14935.02
Sports & Outdoors,West,2023-12,55007.29,36954.62
Toys & Games,West,2023-12,66892.03,46957.42
